%YAML 1.1
%TAG !u! tag:unity3d.com,2011:
--- !u!1 &8370216132624693234
GameObject:
  m_ObjectHideFlags: 0
  m_CorrespondingSourceObject: {fileID: 0}
  m_PrefabInstance: {fileID: 0}
  m_PrefabAsset: {fileID: 0}
  serializedVersion: 6
  m_Component:
  - component: {fileID: 1942260141961055836}
  - component: {fileID: 5602429048284058859}
  - component: {fileID: 7952102777004685102}
  - component: {fileID: 5427488618455695337}
  m_Layer: 0
  m_Name: Ground8
  m_TagString: Untagged
  m_Icon: {fileID: 0}
  m_NavMeshLayer: 0
  m_StaticEditorFlags: 0
  m_IsActive: 1
--- !u!4 &1942260141961055836
Transform:
  m_ObjectHideFlags: 0
  m_CorrespondingSourceObject: {fileID: 0}
  m_PrefabInstance: {fileID: 0}
  m_PrefabAsset: {fileID: 0}
  m_GameObject: {fileID: 8370216132624693234}
  m_LocalRotation: {x: 0, y: 0, z: 0, w: 1}
  m_LocalPosition: {x: 0, y: 0, z: 0}
  m_LocalScale: {x: 15, y: 1, z: 100}
  m_Children:
  - {fileID: 3037817710925503519}
  - {fileID: 2350651395708680640}
  m_Father: {fileID: 0}
  m_RootOrder: 0
  m_LocalEulerAnglesHint: {x: 0, y: 0, z: 0}
--- !u!33 &5602429048284058859
MeshFilter:
  m_ObjectHideFlags: 0
  m_CorrespondingSourceObject: {fileID: 0}
  m_PrefabInstance: {fileID: 0}
  m_PrefabAsset: {fileID: 0}
  m_GameObject: {fileID: 8370216132624693234}
  m_Mesh: {fileID: 10202, guid: 0000000000000000e000000000000000, type: 0}
--- !u!23 &7952102777004685102
MeshRenderer:
  m_ObjectHideFlags: 0
  m_CorrespondingSourceObject: {fileID: 0}
  m_PrefabInstance: {fileID: 0}
  m_PrefabAsset: {fileID: 0}
  m_GameObject: {fileID: 8370216132624693234}
  m_Enabled: 1
  m_CastShadows: 1
  m_ReceiveShadows: 1
  m_DynamicOccludee: 1
  m_MotionVectors: 1
  m_LightProbeUsage: 1
  m_ReflectionProbeUsage: 1
  m_RayTracingMode: 2
  m_RenderingLayerMask: 1
  m_RendererPriority: 0
  m_Materials:
  - {fileID: 2100000, guid: 5586557a04f73bb4395603c2ce4c6134, type: 2}
  m_StaticBatchInfo:
    firstSubMesh: 0
    subMeshCount: 0
  m_StaticBatchRoot: {fileID: 0}
  m_ProbeAnchor: {fileID: 0}
  m_LightProbeVolumeOverride: {fileID: 0}
  m_ScaleInLightmap: 1
  m_ReceiveGI: 1
  m_PreserveUVs: 0
  m_IgnoreNormalsForChartDetection: 0
  m_ImportantGI: 0
  m_StitchLightmapSeams: 1
  m_SelectedEditorRenderState: 3
  m_MinimumChartSize: 4
  m_AutoUVMaxDistance: 0.5
  m_AutoUVMaxAngle: 89
  m_LightmapParameters: {fileID: 0}
  m_SortingLayerID: 0
  m_SortingLayer: 0
  m_SortingOrder: 0
--- !u!65 &5427488618455695337
BoxCollider:
  m_ObjectHideFlags: 0
  m_CorrespondingSourceObject: {fileID: 0}
  m_PrefabInstance: {fileID: 0}
  m_PrefabAsset: {fileID: 0}
  m_GameObject: {fileID: 8370216132624693234}
  m_Material: {fileID: 0}
  m_IsTrigger: 0
  m_Enabled: 1
  serializedVersion: 2
  m_Size: {x: 1, y: 1, z: 1}
  m_Center: {x: 0, y: 0, z: 0}
--- !u!1001 &7037639168644781031
PrefabInstance:
  m_ObjectHideFlags: 0
  serializedVersion: 2
  m_Modification:
    m_TransformParent: {fileID: 1942260141961055836}
    m_Modifications:
    - target: {fileID: 5251069812992567415, guid: 91c0616a85889734abf3a013e442c241,
        type: 3}
      propertyPath: m_Name
      value: Obstacle1 (1)
      objectReference: {fileID: 0}
    - target: {fileID: 4698810718643776039, guid: 91c0616a85889734abf3a013e442c241,
        type: 3}
      propertyPath: m_LocalPosition.x
      value: -0.33333334
      objectReference: {fileID: 0}
    - target: {fileID: 4698810718643776039, guid: 91c0616a85889734abf3a013e442c241,
        type: 3}
      propertyPath: m_LocalPosition.y
      value: 1.5
      objectReference: {fileID: 0}
    - target: {fileID: 4698810718643776039, guid: 91c0616a85889734abf3a013e442c241,
        type: 3}
      propertyPath: m_LocalPosition.z
      value: 0
      objectReference: {fileID: 0}
    - target: {fileID: 4698810718643776039, guid: 91c0616a85889734abf3a013e442c241,
        type: 3}
      propertyPath: m_LocalRotation.x
      value: -0
      objectReference: {fileID: 0}
    - target: {fileID: 4698810718643776039, guid: 91c0616a85889734abf3a013e442c241,
        type: 3}
      propertyPath: m_LocalRotation.y
      value: -0
      objectReference: {fileID: 0}
    - target: {fileID: 4698810718643776039, guid: 91c0616a85889734abf3a013e442c241,
        type: 3}
      propertyPath: m_LocalRotation.z
      value: -0
      objectReference: {fileID: 0}
    - target: {fileID: 4698810718643776039, guid: 91c0616a85889734abf3a013e442c241,
        type: 3}
      propertyPath: m_LocalRotation.w
      value: 1
      objectReference: {fileID: 0}
    - target: {fileID: 4698810718643776039, guid: 91c0616a85889734abf3a013e442c241,
        type: 3}
      propertyPath: m_RootOrder
      value: 1
      objectReference: {fileID: 0}
    - target: {fileID: 4698810718643776039, guid: 91c0616a85889734abf3a013e442c241,
        type: 3}
      propertyPath: m_LocalEulerAnglesHint.x
      value: 0
      objectReference: {fileID: 0}
    - target: {fileID: 4698810718643776039, guid: 91c0616a85889734abf3a013e442c241,
        type: 3}
      propertyPath: m_LocalEulerAnglesHint.y
      value: 0
      objectReference: {fileID: 0}
    - target: {fileID: 4698810718643776039, guid: 91c0616a85889734abf3a013e442c241,
        type: 3}
      propertyPath: m_LocalEulerAnglesHint.z
      value: 0
      objectReference: {fileID: 0}
    - target: {fileID: 4698810718643776039, guid: 91c0616a85889734abf3a013e442c241,
        type: 3}
      propertyPath: m_LocalScale.x
      value: 0.33333334
      objectReference: {fileID: 0}
    - target: {fileID: 4698810718643776039, guid: 91c0616a85889734abf3a013e442c241,
        type: 3}
      propertyPath: m_LocalScale.z
      value: 0.29999998
      objectReference: {fileID: 0}
    m_RemovedComponents: []
  m_SourcePrefab: {fileID: 100100000, guid: 91c0616a85889734abf3a013e442c241, type: 3}
--- !u!4 &2350651395708680640 stripped
Transform:
  m_CorrespondingSourceObject: {fileID: 4698810718643776039, guid: 91c0616a85889734abf3a013e442c241,
    type: 3}
  m_PrefabInstance: {fileID: 7037639168644781031}
  m_PrefabAsset: {fileID: 0}
--- !u!1001 &7718598466096969272
PrefabInstance:
  m_ObjectHideFlags: 0
  serializedVersion: 2
  m_Modification:
    m_TransformParent: {fileID: 1942260141961055836}
    m_Modifications:
    - target: {fileID: 5251069812992567415, guid: 91c0616a85889734abf3a013e442c241,
        type: 3}
      propertyPath: m_Name
      value: Obstacle1
      objectReference: {fileID: 0}
    - target: {fileID: 4698810718643776039, guid: 91c0616a85889734abf3a013e442c241,
        type: 3}
      propertyPath: m_LocalPosition.x
      value: 0
      objectReference: {fileID: 0}
    - target: {fileID: 4698810718643776039, guid: 91c0616a85889734abf3a013e442c241,
        type: 3}
      propertyPath: m_LocalPosition.y
      value: 1.5
      objectReference: {fileID: 0}
    - target: {fileID: 4698810718643776039, guid: 91c0616a85889734abf3a013e442c241,
        type: 3}
      propertyPath: m_LocalPosition.z
      value: 0
      objectReference: {fileID: 0}
    - target: {fileID: 4698810718643776039, guid: 91c0616a85889734abf3a013e442c241,
        type: 3}
      propertyPath: m_LocalRotation.x
      value: -0
      objectReference: {fileID: 0}
    - target: {fileID: 4698810718643776039, guid: 91c0616a85889734abf3a013e442c241,
        type: 3}
      propertyPath: m_LocalRotation.y
      value: -0
      objectReference: {fileID: 0}
    - target: {fileID: 4698810718643776039, guid: 91c0616a85889734abf3a013e442c241,
        type: 3}
      propertyPath: m_LocalRotation.z
      value: -0
      objectReference: {fileID: 0}
    - target: {fileID: 4698810718643776039, guid: 91c0616a85889734abf3a013e442c241,
        type: 3}
      propertyPath: m_LocalRotation.w
      value: 1
      objectReference: {fileID: 0}
    - target: {fileID: 4698810718643776039, guid: 91c0616a85889734abf3a013e442c241,
        type: 3}
      propertyPath: m_RootOrder
      value: 0
      objectReference: {fileID: 0}
    - target: {fileID: 4698810718643776039, guid: 91c0616a85889734abf3a013e442c241,
        type: 3}
      propertyPath: m_LocalEulerAnglesHint.x
      value: 0
      objectReference: {fileID: 0}
    - target: {fileID: 4698810718643776039, guid: 91c0616a85889734abf3a013e442c241,
        type: 3}
      propertyPath: m_LocalEulerAnglesHint.y
      value: 0
      objectReference: {fileID: 0}
    - target: {fileID: 4698810718643776039, guid: 91c0616a85889734abf3a013e442c241,
        type: 3}
      propertyPath: m_LocalEulerAnglesHint.z
      value: 0
      objectReference: {fileID: 0}
    - target: {fileID: 4698810718643776039, guid: 91c0616a85889734abf3a013e442c241,
        type: 3}
      propertyPath: m_LocalScale.x
      value: 0.33333334
      objectReference: {fileID: 0}
    - target: {fileID: 4698810718643776039, guid: 91c0616a85889734abf3a013e442c241,
        type: 3}
      propertyPath: m_LocalScale.z
      value: 0.29999998
      objectReference: {fileID: 0}
    m_RemovedComponents: []
  m_SourcePrefab: {fileID: 100100000, guid: 91c0616a85889734abf3a013e442c241, type: 3}
--- !u!4 &3037817710925503519 stripped
Transform:
  m_CorrespondingSourceObject: {fileID: 4698810718643776039, guid: 91c0616a85889734abf3a013e442c241,
    type: 3}
  m_PrefabInstance: {fileID: 7718598466096969272}
  m_PrefabAsset: {fileID: 0}
